<?xml version="1.0" encoding="UTF-8"?><collection xmlns="http://www.loc.gov/MARC21/slim"><record><leader>00384nam--2200133-i-4500</leader><controlfield tag="001">000001700</controlfield><controlfield tag="002">20161230</controlfield><controlfield tag="005">20161230201024</controlfield><controlfield tag="008">060222s1000------------r-----000-0-eng-d</controlfield><datafield ind1=" " ind2=" " tag="080"><subfield code="a">66.094.1/2:66.097</subfield></datafield><datafield ind1=" " ind2=" " tag="100"><subfield code="a">Freifelder, Morris</subfield></datafield><datafield ind1=" " ind2=" " tag="245"><subfield code="a">Practical catalytic hydrogenation. techniques and applications</subfield></datafield><datafield ind1=" " ind2=" " tag="260"><subfield code="a">New York, Wiley-interscience, 1971. Xxii + 663 P</subfield></datafield><datafield ind1=" " ind2=" " tag="852"><subfield code="a">35534</subfield></datafield></record></collection>